@report{N3351, author={Bjarne Stroustrup and Andrew Sutton}, title="A Concept Design for the STL", publisher="ISO/IEC JTC1/SC22/WG21", year="2012", howpublished="\url{https://wg21.link/n3351}"},
@report{N4128, author={Eric Niebler, Sean Parent, Andrew Sutton}, title="Ranges for the Standard Library, Revision 1", publisher="ISO/IEC JTC1/SC22/WG21", year="2014", howpublished="\url{https://wg21.link/n4128}"},
@report{N4685, author={Eric Niebler and Casey Carter}, title="Working Draft, C++ Extensions for Ranges", publisher="ISO/IEC JTC1/SC22/WG21", year="2017", howpublished="\url{https://wg21.link/n4685}"},
@report{P0896, author={Casey Carter, Eric Niebler and Christopher Di Bella}, title="The One Ranges Proposal",                      publisher="ISO/IEC JTC1/SC22/WG21", year="2018", howpublished="\url{https://wg21.link/p0896}"},
@report{P0898, author={Casey Carter and Eric Niebler},                       title="Standard Library Concepts",                    publisher="ISO/IEC JTC1/SC22/WG21", year="2018", howpublished="\url{https://wg21.link/p0896}"},
@report{P1033, author={Casey Carter and Christopher Di Bella},               title="Rangify the uninitialised memory algorithms!", publisher="ISO/IEC JTC1/SC22/WG21", year="2018", howpublished="\url{https://wg21.link/p1033}"},
@report{concept-design, author={Andrew Sutton and Bjarne Stroustrup},        title="Design of concept libraries for C++",          publisher="Texas A&M University",   year="2011", howpublished="\url{http://www.stroustrup.com/sle2011-concepts.pdf}"},
@report{EoP,              author={Alexander Stepanov and Paul McJones},        title="Elements of Programming",                      publisher="Addison Wesley",         year="2009", howpublished="\url{http://elementsofprogramming.com/}"},
@misc{wolfram-matrix-multiplication, author={Eric W. Weisstein}, title="Matrix Multiplication", publisher="MathWorld--A Wolfram Web Resource", howpublished="\url{http://mathworld.wolfram.com/MatrixMultiplication.html}"},
@misc{wolfram-partial-sum, author={Eric W. Weisstein}, title="Partial Sum", publisher="MathWorld--A Wolfram Web Resource", howpublished="\url{http://mathworld.wolfram.com/PartialSum.html}"},
@misc{stack-exchange-wm, title={What's more general than a near-semiring?}, author={Christopher Di Bella}, howpublished={Mathematics Stack Exchange}, howpublished={\url{https://math.stackexchange.com/q/3275185} (version: 2019-06-26)}, url={https://math.stackexchange.com/q/3275185}},
@misc{wikipedia_magma, title={Magma (algebra)}, howpublished="\url{https://en.wikipedia.org/wiki/Magma_(algebra)}", publisher={Wikimedia Foundation}, year={2018}, month={Dec}},
@misc{wikipedia_semigroup, title={Semigroup}, howpublished="\url{https://en.wikipedia.org/wiki/Semigroup}", publisher={Wikimedia Foundation}, year={2019}, month={Jun}},
@misc{wikipedia_monoid, title={Monoid}, howpublished="\url{https://en.wikipedia.org/wiki/Monoid}", publisher={Wikimedia Foundation}, year={2019}, month={Jul}},
@misc{wikipedia_quasigroup, title={Quasigroup}, howpublished="\url{https://en.wikipedia.org/wiki/Quasigroup}", publisher={Wikimedia Foundation}, year={2019}, month={Jul}},
@misc{wikipedia_group, title={Group (mathematics)}, howpublished="\url{https://en.wikipedia.org/wiki/Group_(mathematics)}", publisher={Wikimedia Foundation}, year={2019}, month={Jul}},
@misc{wikipedia_abelian, title={Abelian group}, howpublished="\url{https://en.wikipedia.org/wiki/Abelian_group}", publisher={Wikimedia Foundation}, year={2019}, month={Jul}},
@misc{wikipedia_near_semiring, title={Near-semiring}, howpublished="\url{https://en.wikipedia.org/wiki/Near-semiring}", publisher={Wikimedia Foundation}, year={2017}, month={Dec}},
@misc{wikipedia_distributive, title={Distributive property}, howpublished="\url{https://en.wikipedia.org/wiki/Distributive_property}", publisher={Wikimedia Foundation}, year={2019}, month={Mar}},
@misc{wikipedia_absorb, title={Absorbing element}, howpublished="\url{https://en.wikipedia.org/wiki/Absorbing_element}", publisher={Wikimedia Foundation}, year={2019}, month={Jun}}
@misc{wikipedia_identity, title={Identity element}, howpublished="\url{https://en.wikipedia.org/wiki/Identity_element}", publisher={Wikimedia Foundation}, year={2019}, month={Jun}}
